2550 3859
298 423 460 510 vestraque
475 428 655 496 imitatione
669 428 869 514 dignissima.'
893 429 946 496 Ut
963 442 1109 515 anterii

300 511 369 575 illas
387 535 450 575 non
470 514 500 576 in
519 512 625 579 schola
644 513 765 588 solum,
788 535 948 598 praetunte
968 514 1050 596 Mag
1063 515 1109 594 ῑ,’

298 593 383 670 stro,
400 594 559 662 sedetiam
579 596 635 680 ipsi
654 618 709 683 per
727 620 783 663 vos
797 599 899 682 legere
922 594 1044 682 poffit‘ts
1071 649 1085 676 ,

299 675 507 762 omnibusque
523 678 611 745 horis
630 685 660 744 in
678 686 824 753 manibus
842 683 975 757 habete,
1002 701 1075 763 per-

301 762 424 843 spicuas
435 767 496 826 viri
507 760 675 829 doetissimi
686 766 906 835 adnotationes
916 766 1075 834 addendas
1089 837 1091 841 ,

301 849 434 920 curavi,
455 866 524 928 quae
541 846 632 930 plane
652 847 757 914 vestris
775 851 926 929 ingeniis,
953 848 1077 912 veiirae·

300 947 360 1008 que
377 933 463 992 aetati
480 935 695 996 conveniunt.
716 933 779 999 His
800 933 922 1001 accedit
938 927 1074 996 audiarii

301 1011 370 1075 loco
388 1011 509 1077 Avieni
524 1012 618 1087 libet,
644 1036 706 1078 non
723 1013 832 1080 eodem
855 1017 1004 1077 carminis
1021 1031 1077 1094 gc-

234 1111 249 1137 ·
302 1113 391 1170 nete,
415 1115 469 1158 nec
488 1096 596 1160 eadem
608 1097 764 1180 elegantia
784 1097 938 1175 scriptus,
957 1096 1006 1161 sed
1027 1102 1075 1159 ita

258 1193 428 1250 attamen,
454 1195 491 1240 ut
512 1173 680 1244 Phaedrum
698 1178 785 1262 sequi
806 1176 911 1262 potiit,
932 1197 987 1241 nec
1002 1177 1075 1241 lon·

297 1252 426 1342 ‘giffimo
442 1260 610 1326 intervallo
632 1261 736 1345 sequi.
759 1263 846 1328 Vixit
871 1260 1012 1325 Avienus
1027 1262 1077 1323 in.

197 1374 239 1413 ο.
256 1330 423 1408 &finatis
439 1342 501 1420 jam
513 1340 670 1410 Romanis
680 1345 817 1419 viribus,
835 1366 870 1410 ac
880 1343 997 1417 literis,
1012 1342 1076 1409 hoc

301 1423 345 1490 est
365 1442 505 1490 vertente
523 1426 636 1493 saeculo
654 1427 907 1493 Christianorum
924 1441 1040 1509 quarto
1061 1449 1079 1503 i·

281 1508 351 1589 ded
380 1512 409 1572 in
434 1527 469 1572 ea
495 1514 600 1575 tameo
626 1527 774 1595 tempora
800 1510 937 1582 incidit,
981 1507 1076 1575 nibus

263 1592 455 1675 &donarunt
469 1597 587 1658 attium
600 1593 700 1658 studia
709 1594 916 1676 respirabant,
927 1529 988 1672 ipde
998 1612 1083 1656 vero-

301 1677 430 1758 ingenio
447 1673 501 1737 suo
512 1693 657 1760 tempora
674 1681 772 1740 etiam
789 1674 964 1758 superavit.
987 1673 1082 1748 Quia.

301 1755 1078 1842 porroiibenterinvestrisexcrcitationibusGrae-

300 1863 336 1906 cn
355 1839 472 1904 Latinis
490 1841 696 1925 conjungitis,
717 1860 821 1924 opetae
843 1840 981 1926 pretium
999 1840 1077 1905 duxi

303 1920 704 2008 ipsosAEsopi,&aiiornm
716 1920 1078 2006 GtaecorumApoiogos

234 2069 237 2072 ,
302 2008 452 2086 adjicere,
481 2008 565 2073 unde
583 2009 752 2083 Phaedrus,
778 2011 811 2072 δε
836 2008 978 2072 Avienus
992 2004 1079 2071 sunr-

303 2092 404 2173 psere.
429 2090 555 2171 Agmen
571 2089 698 2156 claudit
715 2090 909 2155 Fabularum
925 2092 1077 2156 omnium

303 2177 450 2258 princeps
473 2174 609 2238 Homeri
635 2183 906 2252 βατραχομυομαχῐα,
928 2172 966 2236 de
984 2173 1077 2251 cujus

302 2255 762 2340 pulchritudinenihildicatn,
777 2260 810 2319 &
829 2273 903 2337 quta
921 2253 1012 2318 vobis
1027 2253 1073 2320 sa·

303 2335 583 2416 miliariffimaest,
600 2343 720 2423 &quia
736 2343 862 2402 nomine
883 2336 950 2421 ipso
969 2357 1080 2421 paren·

302 2428 342 2488 tis
358 2425 452 2500 supra
467 2445 596 2488 ornnem
616 2421 803 2504 eloquentiae
823 2440 972 2486 conatum
991 2424 1081 2486 com.

304 2507 491 2571 mendatnt.
513 2506 768 2587 Habeteigttur(
778 2507 866 2589 quod
877 2504 962 2569 bono
973 2501 1084 2569 vestro

303 2590 358 2657 fiat
375 2586 386 2667 )
406 2587 619 2673 multiplicem
640 2589 719 2654 hanc
729 2589 892 2653 exercendi
909 2584 970 2652 stili
994 2589 1083 2670 sege-

302 2693 384 2739 tem:
403 2673 452 2739 sed
470 2677 501 2739 in
521 2677 633 2757 primis
649 2673 832 2756 perpendite
850 2669 986 2735 salubria
1004 2673 1080 2736 vitae

303 2755 445 2840 tegendae
455 2758 602 2834 consilia,
619 2759 651 2820 dc
662 2776 722 2840 pro
733 2755 788 2819 suo
806 2753 935 2837 quisque
953 2747 1082 2820 institu-

305 2858 339 2906 to
356 2841 497 2910 inuium
509 2837 648 2912 vestrum
665 2842 859 2924 convertite.
